 
 %%Tenenbaum etc.
@article{GriffithsTenenbaum2011, place={US}, title={Predicting the future as Bayesian inference: People combine prior knowledge with observations when estimating duration and extent}, volume={140}, ISSN={1939-2222}, DOI={10.1037/a0024899}, number={4}, journal={Journal of Experimental Psychology: General}, publisher={American Psychological Association}, author={Griffiths, Thomas L. and Tenenbaum, Joshua B.}, year={2011}, pages={725–743} }

@article{Lieder2018, title={The anchoring bias reflects rational use of cognitive resources}, volume={25}, ISSN={1069-9384, 1531-5320}, DOI={10.3758/s13423-017-1286-8}, number={1}, journal={Psychonomic Bulletin & Review}, author={Lieder, Falk and Griffiths, Thomas L. and M. Huys, Quentin J. and Goodman, Noah D.}, year={2018}, month={Feb}, pages={322–349}, language={en} }


@article{GriffithsTenenbaum2006, title={Optimal Predictions in Everyday Cognition}, volume={17}, ISSN={0956-7976}, DOI={10.1111/j.1467-9280.2006.01780.x}, abstractNote={Human perception and memory are often explained as optimal statistical inferences that are informed by accurate prior probabilities. In contrast, cognitive judgments are usually viewed as following error-prone heuristics that are insensitive to priors. We examined the optimality of human cognition in a more realistic context than typical laboratory studies, asking people to make predictions about the duration or extent of everyday phenomena such as human life spans and the box-office take of movies. Our results suggest that everyday cognitive judgments follow the same optimal statistical principles as perception and memory, and reveal a close correspondence between people’s implicit probabilistic models and the statistics of the world.}, number={9}, journal={Psychological Science}, publisher={SAGE Publications Inc}, author={Griffiths, Thomas L. and Tenenbaum, Joshua B.}, year={2006}, month={Sep}, pages={767–773}, language={en} }

@article{MozerPashlerHomaei2008, title={Optimal Predictions in Everyday Cognition: The Wisdom of Individuals or Crowds?}, volume={32}, ISSN={1551-6709}, DOI={10.1080/03640210802353016}, number={7}, journal={Cognitive Science}, author={Mozer, Michael C. and Pashler, Harold and Homaei, Hadjar}, year={2008}, pages={1133–1147}, language={en} }

@book{anderson2013adaptive, title={The adaptive character of thought}, author={Anderson, John R}, year={1990},publisher={Lawrence Erlbaum Associates}
}

@article{simon1969sciences,
  title={The sciences of the artificial},
  author={Simon, Herbert A},
  journal={Cambridge, MA},
  year={1969}
}

@book{marr2010vision,
  title={Vision: A computational investigation into the human representation and processing of visual information},
  author={Marr, David},
  year={2010},
  publisher={MIT press}
}

@article{Lieder2020, title={Resource-rational analysis: Understanding human cognition as the optimal use of limited computational resources}, volume={43}, ISSN={0140-525X, 1469-1825}, url={https://www.cambridge.org/core/journals/behavioral-and-brain-sciences/article/resourcerational-analysis-understanding-human-cognition-as-the-optimal-use-of-limited-computational-resources/586866D9AD1D1EA7A1EECE217D392F4A#figures}, DOI={10.1017/S0140525X1900061X}, journal={Behavioral and Brain Sciences}, publisher={Cambridge University Press}, author={Lieder, Falk and Griffiths, Thomas L.}, year={2020}, language={en} }

@article{Tauber2017, title={Bayesian models of cognition revisited: Setting optimality aside and letting data drive psychological theory.}, volume={124}, ISSN={1939-1471, 0033-295X}, DOI={10.1037/rev0000052}, number={4}, journal={Psychological Review}, author={Tauber, Sean and Navarro, Daniel J. and Perfors, Amy and Steyvers, Mark}, year={2017}, month={Jul}, pages={410–441}, language={en} }

@article{Arias2019, year={2019},title={United States Life Tables, 2019}, author={Arias, Elizabeth}, pages={59}, language={en} }

@ONLINE{VDHOnline,
author = {VDH},
title = {Virginia Department of Health: COVID-19 Cases & Testing Dashboards},
month = {May},
year = {2022},
url = {https://www.vdh.virginia.gov/coronavirus/see-the-numbers/covid-19-in-virginia/covid-19-in-virginia-cases/}
}

@ONLINE{VDHquality,
author = {VDH},
title = {Quality Assurance Steps for COVID-19 Data},
month = {May},
year = {2022},
url = {https://www.vdh.virginia.gov/coronavirus/2021/09/28/quality-assurance-steps-for-covid-19-data/}
}

@ONLINE{CDCguide,
author = {CDC},
title = {Coronavirus Disease 2019 (COVID-19) 2021 Case Definition},
month = {May},
year = {2022},
url = {https://ndc.services.cdc.gov/case-definitions/coronavirus-disease-2019-2021/}
}

@ONLINE{metaculus,
author = {Metaculus},
title = {Metaculus Spash Page},
month = {May},
year = {2022},
url = {https://www.metaculus.com/}
}

@ONLINE{orrgit,
author = {Orr, Mark},
title = {Source Code for This Article},
month = {May},
year = {2022},
url = {https://github.com/mark-orr/CausalAttitudeNetwork_HopfieldModel}
}

@article{Sohn2021, title={Validating model-based Bayesian integration using prior–cost metamers}, volume={118}, ISSN={0027-8424, 1091-6490}, DOI={10.1073/pnas.2021531118}, number={25}, journal={Proceedings of the National Academy of Sciences}, author={Sohn, Hansem and Jazayeri, Mehrdad}, year={2021}, month={Jun}, pages={e2021531118}, language={en} }

@article{Prat2021,
  title={Human inference in changing environments with temporal structure.},
  author={Prat-Carrabin, Arthur and Wilson, Robert C and Cohen, Jonathan D and Azeredo da Silveira, Rava},
  journal={Psychological review},
  year={2021},
  publisher={American Psychological Association}
}


@inproceedings{Yamanishi2002,
author = {Yamanishi, Kenji and Takeuchi, Jun-ichi},
title = {A Unifying Framework for Detecting Outliers and Change Points from Non-Stationary Time Series Data},
year = {2002},
isbn = {158113567X},
publisher = {Association for Computing Machinery},
address = {New York, NY, USA},
url = {https://doi.org/10.1145/775047.775148},
doi = {10.1145/775047.775148},
booktitle = {Proceedings of the Eighth ACM SIGKDD International Conference on Knowledge Discovery and Data Mining},
pages = {676–681},
numpages = {6},
location = {Edmonton, Alberta, Canada},
series = {KDD '02}
}


@article{Lewin1943, 
title={Psychology and the Process of Group Living}, volume={17}, journal={Journal of Social Psychology}, author={Lewin, Kurt}, year={1943}, pages={113–131} }

@article{Molenaar2004, title={A Manifesto on Psychology as Idiographic Science: Bringing the Person Back Into Scientific Psychology, This Time Forever}, volume={2}, ISSN={1536-6367}, DOI={10.1207/s15366359mea0204_1}, number={4}, journal={Measurement: Interdisciplinary Research and Perspectives}, publisher={Routledge}, author={Molenaar, Peter C. M.}, year={2004}, month={Oct}, pages={201–218} }

@article{Peterson2021, title={Using large-scale experiments and machine learning to discover theories of human decision-making}, volume={372}, DOI={10.1126/science.abe2629}, number={6547}, journal={Science}, publisher={American Association for the Advancement of Science}, author={Peterson, Joshua C. and Bourgin, David D. and Agrawal, Mayank and Reichman, Daniel and Griffiths, Thomas L.}, year={2021}, month={Jun}, pages={1209–1214} }

@article{Galea2021, title={A better science for better decision-making in future crises}, volume={5}, ISSN={2397-3374}, DOI={10.1038/s41562-021-01226-1}, number={1111}, journal={Nature Human Behaviour}, publisher={Nature Publishing Group}, author={Galea, Sandro}, year={2021}, month={Nov}, pages={1463–1463}, language={en} }

@article{sussman2007role,
  title={The role of attention in the formation of auditory streams},
  author={Sussman, Elyse S and Horv{\'a}th, J{\'a}nos and Winkler, Istv{\'a}n and Orr, Mark},
  journal={Perception \& psychophysics},
  volume={69},
  number={1},
  pages={136--152},
  year={2007},
  publisher={Springer}
}

@article{Galesic2021, title={Human social sensing is an untapped resource for computational social science}, volume={595}, ISSN={1476-4687}, DOI={10.1038/s41586-021-03649-2}, number={78667866}, journal={Nature}, publisher={Nature Publishing Group}, author={Galesic, Mirta and Bruine de Bruin, Wändi and Dalege, Jonas and Feld, Scott L. and Kreuter, Frauke and Olsson, Henrik and Prelec, Drazen and Stein, Daniel L. and van der Does, Tamara}, year={2021}, month={Jul}, pages={214–222}, language={en} }

@inproceedings{orrAttPolar2021,
  title={Attitudinal polarization on social networks: A cognitive architecture perspective},
  author={Orr, Mark and Stocco, Andrea and Lebiere, Christian and Morrison, Don},
  booktitle={Proceedings of the 19th International Conference on Cognitive Modelling},
  pages={},
  year={2021}
}

@inproceedings{afrasiabi2019evaluating,
  title={Evaluating Theories of Collaborative Cognition Using the Hawkes Process and a Large Naturalistic Data Set.},
  author={Afrasiabi, Mohsen and Orr, Mark G and Austerweil, Joseph L},
  booktitle={CogSci},
  pages={69--75},
  year={2019}
}

@article{orr2019multi,
  title={Multi-scale resolution of neural, cognitive and social systems},
  author={Orr, Mark G and Lebiere, Christian and Stocco, Andrea and Pirolli, Peter and Pires, Bianica and Kennedy, William G},
  journal={Computational and Mathematical Organization Theory},
  volume={25},
  number={1},
  pages={4--23},
  year={2019},
  publisher={Springer}
}

@inproceedings{bhattacharya2019matrix,
  title={The Matrix: An Agent-Based Modeling Framework for Data Intensive Simulations},
  author={Bhattacharya, Parantapa and Ekanayake, Saliya and Kuhlman, Chris J and Lebiere, Christian and Morrison, Don and Swarup, Samarth and Wilson, Mandy L and Orr, Mark G},
  booktitle={Proceedings of the 18th International Conference on Autonomous Agents and MultiAgent Systems},
  pages={1635--1643},
  year={2019}
}

@inproceedings{orrCovid19,
  title={Mining Online Social Media to Drive Psychologically Valid Agent Models of Regional Covid-19 Mask Wearing},
  author={Pirolli, Pete and Carley, Kathleen and Dalton, Adam and Dorr, Bonnie and Lebiere, Christian and Martin, Michael and Mather, Brodie and Mistopoulos, Konstantinos and Orr, Mark and Strzalkowski, Tomas},
  booktitle={In Proceedings of the International Conference SBP-BRiMS},
  pages={},
  year={2021}
}

%%%EOF